<?xml version="1.0" encoding="UTF-8"?><collection xmlns="http://www.loc.gov/MARC21/slim"><record><leader>00389nam--2200133-i-4500</leader><controlfield tag="001">000042314</controlfield><controlfield tag="002">20161230</controlfield><controlfield tag="005">20161230201043</controlfield><controlfield tag="008">060222s1000------------r-----000-0-eng-d</controlfield><datafield ind1=" " ind2=" " tag="080"><subfield code="a">57.018.725(043)</subfield></datafield><datafield ind1=" " ind2=" " tag="100"><subfield code="a">Souchier, Catherine</subfield></datafield><datafield ind1=" " ind2=" " tag="245"><subfield code="a">Contribution a la biometrie de la main:dissymetrie morphologique et gestuelle</subfield></datafield><datafield ind1=" " ind2=" " tag="260"><subfield code="a">Lyon, L`Univ.Claude-bernard, 1975. 79 P</subfield></datafield><datafield ind1=" " ind2=" " tag="852"><subfield code="a">44184</subfield></datafield></record></collection>